@manual{ROOT,
	title = {ROOT, \emph{Data Anlysis Framework}, Documentation},
	year = {2015},
	note = {\url{https://root.cern.ch} [Online; accès : 2015-03-02]},
	key = {ROOT},
}

@Booklet{TYPO,
	title = {Lexique des règles typographiques en usage à l’Imprimerie nationale},
	howpublished = {Imprimerie nationale},
	year = {2011},
	edition = {6\up{e}},
	key = {IN},
}

@manual{BOOST,
	title = {\texttt{Boost} \Cpp{} \emph{libraries}},
	year = {2013},
	note={\url{http://www.boost.org/} [Online; accès : 2015-01-22]},
	key = {BOOST},
}

@misc{STAGE,
	title = {Analyse de qualité du traitement d'images grande profondeur captées par un téléscope},
	author = {Josselin Massot},
	year = {2014},
	school = {ISIMA},
	note = {Rapport de stage de 2e année},
}

@article{PHOXIS,
	title = {Generating random numbers from Normal distribution in C},
	author = {Phoxis},
	year = {2013},
	journal = {Phoxis.org},
	note = {\url{http://phoxis.org/2013/05/04/generating-random-numbers-from-normal-distribution} [Online; accès : 2014-11-18]},
}
